<?xml version="1.0" encoding="UTF-8"?><collection xmlns="http://www.loc.gov/MARC21/slim"><record><leader>00478nam--2200145-i-4500</leader><controlfield tag="001">000035492</controlfield><controlfield tag="002">20161230</controlfield><controlfield tag="005">20170125153036</controlfield><controlfield tag="008">060222s1000------------r-----000-0-eng-d</controlfield><datafield ind1=" " ind2=" " tag="080"><subfield code="a">54(061.3)</subfield></datafield><datafield ind1=" " ind2=" " tag="245"><subfield code="a">The 2nd National Congress of Chemical Sept. 7-10/1981. Bucharest Romania. Plenary lectures, honorary chairman of the congress Elena Ceausescu</subfield></datafield><datafield ind1=" " ind2=" " tag="260"><subfield code="a">Bucuresti</subfield><subfield code="b">Ministru Of Chemical Industry</subfield><subfield code="c">1981</subfield></datafield><datafield ind1=" " ind2=" " tag="300"><subfield code="a">347 p</subfield></datafield><datafield ind1=" " ind2=" " tag="852"><subfield code="a">70910</subfield></datafield><datafield ind1=" " ind2=" " tag="CAT"><subfield code="a">SYS</subfield><subfield code="c">20170125</subfield><subfield code="h">153036</subfield></datafield></record></collection>